@book{famous:book1,
	author = "Facebook Inc.",
	title = "{React, A JavaScript library for building user interfaces}",
	url = "https://reactjs.org/docs/getting-started.html"
}

@book{famous:book2,
	author = "Manjunath M",
	title = "{Stateful vs. Stateless Functional Components in React}",
	url = "https://code.tutsplus.com/tutorials/stateful-vs-stateless-functional-components-in-react--cms-29541"
}

@book{famous:book3,
	author = "Claudio Marotta",
	title = "{Ciclo di vita di un Componente React}",
	url = "https://www.mrwebmaster.it/javascript/ciclo-vita-componente-react_12373.html"
}

@book{famous:book4,
	author = "James K Nelson",
	title = "{Which Flux Implementation Should I Use With React?}",
	url = "http://jamesknelson.com/which-flux-implementation-should-i-use-with-react/"
}

@book{famous:book16,
	author = "Yangshun Tay",
	title = "Flux overview",
	url = "https://facebook.github.io/flux/docs/in-depth-overview"
}

@book{famous:book17,
	author = "Madasamy M",
	title = "Flux vs MVC Design Pattern",
	url = "https://medium.com/@madasamy/flux-vs-mvc-design-pattern-de134dfaa12b"
}

@book{famous:book5,
	author = "Dan Abramov and the Redux documentation authors",
	title = "{Redux, A predictable state container for JavaScript apps.}",
	url = "https://redux.js.org/"
}

@book{famous:book6,
	author = "Claudio Marotta",
	title = "{Guida Redux: come funziona e quali sono gli elementi essenziali}",
	url = "https://www.mrwebmaster.it/javascript/redux-come-funziona_12410.html"
}

@book{famous:book7,
	author = "Michael Jackson, Ryan Florence",
	title = "{React Router: Declarative Routing for React.js}",
	url = "https://reacttraining.com/react-router/web/guides/quick-start"
}

@book{famous:book8,
	title = "{Getting Started | WebRTC}",
	url = "https://webrtc.org/start/"
}

@book{famous:book9,
	title = "{WebRTC - Architecture}",
	url = "https://www.tutorialspoint.com/webrtc/webrtc_architecture.htm"
}

@book{famous:book10,
	author = "Marina Ch.",
	title = "{WebRTC: Step-By-Step Implementation of Video Conference}",
	url = "https://www.cleveroad.com/blog/webrtc-step-by-step-implementation-of-video-conference"
}

@book{famous:book11,
	author = "Mozilla and individual contributors",
	title = "{WebRTC connectivity}",
	url = "https://developer.mozilla.org/en-US/docs/Web/API/WebRTC_API/Connectivity"
}

@book{famous:book12,
	author = "OpenID",
	title = "{Welcome to OpenID Connect}",
	url = "https://openid.net/connect/"
}

@book{famous:book13,
	author = "Node.js Foundation",
	title = "{Node.js v8.16.2 Documentation}",
	url = "https://nodejs.org/dist/latest-v8.x/docs/api/"
}

@book{famous:book14,
	author = "Node Academy",
	title = "{Routing delle richieste con il framework Express.js}",
	url = "https://www.nodeacademy.it/routing-framework-express-js/"
}

@book{famous:book15,
	author = "The Apache Software Foundation",
	title = "{Guacamole Chapter 1. Implementation and architecture}",
	url = "https://guacamole.apache.org/doc/gug/guacamole-architecture.html"
}